<?xml version="1.0" encoding="UTF-8"?>
<searchRetrieveResponse xmlns="http://www.loc.gov/zing/srw/">
	<version>1.1</version>
	<numberOfRecords>5</numberOfRecords>
	<resultSetId>13770828040811980</resultSetId>
	<records>
		<record>
			<recordSchema>MARC21-xml</recordSchema>
			<recordPacking>xml</recordPacking>
			<recordData>
				<slim:record xmlns:slim="http://www.loc.gov/MARC21/slim" type="Authority">
					<slim:leader>00725nz a2200205o 4500</slim:leader>
					<slim:controlfield tag="001">120656728</slim:controlfield>
					<slim:controlfield tag="003">DE-101</slim:controlfield>
					<slim:controlfield tag="005">20080406083953.0</slim:controlfield>
					<slim:controlfield tag="008">981120n||aznnnabbn | aaa |c</slim:controlfield>
					<slim:datafield tag="024" ind1="7" ind2=" ">
						<slim:subfield code="a">http://d-nb.info/gnd/120656728</slim:subfield>
						<slim:subfield code="2">uri</slim:subfield>
					</slim:datafield>
					<slim:datafield tag="035" ind1=" " ind2=" ">
						<slim:subfield code="a">(DE-101)120656728</slim:subfield>
					</slim:datafield>
					<slim:datafield tag="035" ind1=" " ind2=" ">
						<slim:subfield code="a">(DE-588)120656728</slim:subfield>
					</slim:datafield>
					<slim:datafield tag="035" ind1=" " ind2=" ">
						<slim:subfield code="z">(DE-588a)120656728</slim:subfield>
						<slim:subfield code="9">v:zg</slim:subfield>
					</slim:datafield>
					<slim:datafield tag="040" ind1=" " ind2=" ">
						<slim:subfield code="a">DE-101</slim:subfield>
						<slim:subfield code="9">r:DE-101</slim:subfield>
						<slim:subfield code="b">ger</slim:subfield>
						<slim:subfield code="d">9999</slim:subfield>
						<slim:subfield code="e">rakwb</slim:subfield>
						<slim:subfield code="f">rswk</slim:subfield>
					</slim:datafield>
					<slim:datafield tag="079" ind1=" " ind2=" ">
						<slim:subfield code="a">g</slim:subfield>
						<slim:subfield code="b">p</slim:subfield>
						<slim:subfield code="c">3</slim:subfield>
						<slim:subfield code="q">f</slim:subfield>
						<slim:subfield code="u">v</slim:subfield>
						<slim:subfield code="v">piz</slim:subfield>
					</slim:datafield>
					<slim:datafield tag="100" ind1="1" ind2=" ">
						<slim:subfield code="a">Meier, Berthold</slim:subfield>
						<slim:subfield code="d">1966-</slim:subfield>
					</slim:datafield>
					<slim:datafield tag="548" ind1=" " ind2=" ">
						<slim:subfield code="a">1966-</slim:subfield>
						<slim:subfield code="9">4:datl</slim:subfield>
						<slim:subfield code="w">r</slim:subfield>
						<slim:subfield code="i">Lebensdaten</slim:subfield>
					</slim:datafield>
					<slim:datafield tag="550" ind1=" " ind2=" ">
						<slim:subfield code="0">(DE-101)041452585</slim:subfield>
						<slim:subfield code="0">(DE-588)4145258-6</slim:subfield>
						<slim:subfield code="a">Bibliothekar</slim:subfield>
						<slim:subfield code="9">4:berc</slim:subfield>
						<slim:subfield code="w">r</slim:subfield>
						<slim:subfield code="i">Charakteristischer Beruf</slim:subfield>
					</slim:datafield>
					<slim:datafield tag="678" ind1=" " ind2=" ">
						<slim:subfield code="b">Studium Musik- und Erziehungswissenschaften; Bibliothekar</slim:subfield>
					</slim:datafield>
					<slim:datafield tag="913" ind1=" " ind2=" ">
						<slim:subfield code="S">pnd</slim:subfield>
						<slim:subfield code="i">a</slim:subfield>
						<slim:subfield code="a">Meier, Berthold</slim:subfield>
						<slim:subfield code="0">(DE-588a)120656728</slim:subfield>
					</slim:datafield>
				</slim:record>
			</recordData>
			<recordPosition>1</recordPosition>
		</record>