
		<record>
			<recordSchema>MARC21-xml</recordSchema>
			<recordPacking>xml</recordPacking>
			<recordData>
				<slim:record xmlns:slim="http://www.loc.gov/MARC21/slim" type="Authority">
					<slim:leader>01515nz a2200349o 4500</slim:leader>
					<slim:controlfield tag="001">1034663550</slim:controlfield>
					<slim:controlfield tag="003">DE-101</slim:controlfield>
					<slim:controlfield tag="005">20130516093509.0</slim:controlfield>
					<slim:controlfield tag="008">130516n||aznnnabbn | aaa |c</slim:controlfield>
					<slim:datafield tag="024" ind1="7" ind2=" ">
						<slim:subfield code="a">http://d-nb.info/gnd/1034663550</slim:subfield>
						<slim:subfield code="2">uri</slim:subfield>
					</slim:datafield>
					<slim:datafield tag="035" ind1=" " ind2=" ">
						<slim:subfield code="a">(DE-101)1034663550</slim:subfield>
					</slim:datafield>
					<slim:datafield tag="035" ind1=" " ind2=" ">
						<slim:subfield code="a">(DE-588)1034663550</slim:subfield>
					</slim:datafield>
					<slim:datafield tag="040" ind1=" " ind2=" ">
						<slim:subfield code="a">DE-35</slim:subfield>
						<slim:subfield code="9">r:DE-601</slim:subfield>
						<slim:subfield code="b">ger</slim:subfield>
						<slim:subfield code="d">0035</slim:subfield>
						<slim:subfield code="e">rakwb</slim:subfield>
						<slim:subfield code="f">rswk</slim:subfield>
					</slim:datafield>
					<slim:datafield tag="043" ind1=" " ind2=" ">
						<slim:subfield code="c">ZZ</slim:subfield>
					</slim:datafield>
					<slim:datafield tag="079" ind1=" " ind2=" ">
						<slim:subfield code="a">g</slim:subfield>
						<slim:subfield code="b">p</slim:subfield>
						<slim:subfield code="c">4</slim:subfield>
						<slim:subfield code="q">f</slim:subfield>
						<slim:subfield code="v">piz</slim:subfield>
					</slim:datafield>
					<slim:datafield tag="100" ind1="1" ind2=" ">
						<slim:subfield code="a">Meier, Berthold</slim:subfield>
						<slim:subfield code="d">ca. 1465 oder später</slim:subfield>
					</slim:datafield>
					<slim:datafield tag="375" ind1=" " ind2=" ">
						<slim:subfield code="a">1</slim:subfield>
						<slim:subfield code="2">iso5218</slim:subfield>
					</slim:datafield>
					<slim:datafield tag="400" ind1="0" ind2=" ">
						<slim:subfield code="a">Berthold</slim:subfield>
						<slim:subfield code="c">Meyer</slim:subfield>
						<slim:subfield code="d">ca. 1465 oder später</slim:subfield>
					</slim:datafield>
					<slim:datafield tag="400" ind1="0" ind2=" ">
						<slim:subfield code="a">Bertold</slim:subfield>
						<slim:subfield code="c">Meier</slim:subfield>
						<slim:subfield code="d">ca. 1465 oder später</slim:subfield>
					</slim:datafield>
					<slim:datafield tag="400" ind1="1" ind2=" ">
						<slim:subfield code="a">Meier, Barthold</slim:subfield>
						<slim:subfield code="d">ca. 1465 oder später</slim:subfield>
					</slim:datafield>
					<slim:datafield tag="400" ind1="1" ind2=" ">
						<slim:subfield code="a">Meyer, Bertold</slim:subfield>
						<slim:subfield code="d">ca. 1465 oder später</slim:subfield>
					</slim:datafield>
					<slim:datafield tag="548" ind1=" " ind2=" ">
						<slim:subfield code="a">ca. 1465 oder später</slim:subfield>
						<slim:subfield code="9">4:datl</slim:subfield>
						<slim:subfield code="w">r</slim:subfield>
						<slim:subfield code="i">Lebensdaten</slim:subfield>
					</slim:datafield>
					<slim:datafield tag="550" ind1=" " ind2=" ">
						<slim:subfield code="a">1435 philosophisches Baccalaureat, Leipzig; Dr. iur. utr., Padua 1446</slim:subfield>
						<slim:subfield code="9">4:akad</slim:subfield>
						<slim:subfield code="w">r</slim:subfield>
						<slim:subfield code="i">Akademischer Grad</slim:subfield>
					</slim:datafield>
					<slim:datafield tag="550" ind1=" " ind2=" ">
						<slim:subfield code="a">Abt im St.-Aegidien-Kloster Braunschweig</slim:subfield>
						<slim:subfield code="9">4:beru</slim:subfield>
						<slim:subfield code="w">r</slim:subfield>
						<slim:subfield code="i">Beruf</slim:subfield>
					</slim:datafield>
					<slim:datafield tag="550" ind1=" " ind2=" ">
						<slim:subfield code="a">Chronist</slim:subfield>
						<slim:subfield code="9">4:beru</slim:subfield>
						<slim:subfield code="w">r</slim:subfield>
						<slim:subfield code="i">Beruf</slim:subfield>
					</slim:datafield>
					<slim:datafield tag="551" ind1=" " ind2=" ">
						<slim:subfield code="a">Braunschweig</slim:subfield>
						<slim:subfield code="9">4:ortw</slim:subfield>
						<slim:subfield code="w">r</slim:subfield>
						<slim:subfield code="i">Wirkungsort</slim:subfield>
					</slim:datafield>
					<slim:datafield tag="551" ind1=" " ind2=" ">
						<slim:subfield code="a">Leipzig</slim:subfield>
						<slim:subfield code="9">4:ortw</slim:subfield>
						<slim:subfield code="w">r</slim:subfield>
						<slim:subfield code="i">Wirkungsort</slim:subfield>
					</slim:datafield>
					<slim:datafield tag="551" ind1=" " ind2=" ">
						<slim:subfield code="a">Padua</slim:subfield>
						<slim:subfield code="9">4:ortw</slim:subfield>
						<slim:subfield code="w">r</slim:subfield>
						<slim:subfield code="i">Wirkungsort</slim:subfield>
					</slim:datafield>
					<slim:datafield tag="667" ind1=" " ind2=" ">
						<slim:subfield code="a">NDSBIO</slim:subfield>
					</slim:datafield>
					<slim:datafield tag="670" ind1=" " ind2=" ">
						<slim:subfield code="a">BBL (2006), S. 490</slim:subfield>
					</slim:datafield>
					<slim:datafield tag="670" ind1=" " ind2=" ">
						<slim:subfield code="a">Steding, Rolf: Bemerkungen zur Sprache in der Auctor-Chronik des Abtes Berthold Meier aus dem Braunschweiger
							St. Aegidien-Kloster (um 1460). In: St. Aegidien zu Braunschweig. 1979, S. 99-101</slim:subfield>
					</slim:datafield>
					<slim:datafield tag="678" ind1=" " ind2=" ">
						<slim:subfield code="b">Verfasser einer mittelniederdeutschen Chronik über den Braunschweiger Stadtheiligen Auctor (nach 1457)
						</slim:subfield>
					</slim:datafield>
				</slim:record>
			</recordData>
			<recordPosition>2</recordPosition>
		</record>