
		<record>
			<recordSchema>MARC21-xml</recordSchema>
			<recordPacking>xml</recordPacking>
			<recordData>
				<slim:record xmlns:slim="http://www.loc.gov/MARC21/slim" type="Authority">
					<slim:leader>00489nz a2200169o 4500</slim:leader>
					<slim:controlfield tag="001">107000482</slim:controlfield>
					<slim:controlfield tag="003">DE-101</slim:controlfield>
					<slim:controlfield tag="005">20080517003654.0</slim:controlfield>
					<slim:controlfield tag="008">941015n||aznnnabbn | aba |c</slim:controlfield>
					<slim:datafield tag="024" ind1="7" ind2=" ">
						<slim:subfield code="a">http://d-nb.info/gnd/107000482</slim:subfield>
						<slim:subfield code="2">uri</slim:subfield>
					</slim:datafield>
					<slim:datafield tag="035" ind1=" " ind2=" ">
						<slim:subfield code="a">(DE-101)107000482</slim:subfield>
					</slim:datafield>
					<slim:datafield tag="035" ind1=" " ind2=" ">
						<slim:subfield code="a">(DE-588)107000482</slim:subfield>
					</slim:datafield>
					<slim:datafield tag="035" ind1=" " ind2=" ">
						<slim:subfield code="z">(DE-588a)107000482</slim:subfield>
						<slim:subfield code="9">v:zg</slim:subfield>
					</slim:datafield>
					<slim:datafield tag="040" ind1=" " ind2=" ">
						<slim:subfield code="a">DE-101</slim:subfield>
						<slim:subfield code="9">r:DE-101</slim:subfield>
						<slim:subfield code="b">ger</slim:subfield>
						<slim:subfield code="d">9999</slim:subfield>
						<slim:subfield code="e">rakwb</slim:subfield>
						<slim:subfield code="f">rswk</slim:subfield>
					</slim:datafield>
					<slim:datafield tag="079" ind1=" " ind2=" ">
						<slim:subfield code="a">g</slim:subfield>
						<slim:subfield code="b">n</slim:subfield>
						<slim:subfield code="c">3</slim:subfield>
						<slim:subfield code="q">f</slim:subfield>
						<slim:subfield code="u">v</slim:subfield>
					</slim:datafield>
					<slim:datafield tag="100" ind1="1" ind2=" ">
						<slim:subfield code="a">Meier, Berthold</slim:subfield>
					</slim:datafield>
					<slim:datafield tag="913" ind1=" " ind2=" ">
						<slim:subfield code="S">pnd</slim:subfield>
						<slim:subfield code="i">a</slim:subfield>
						<slim:subfield code="a">Meier, Berthold</slim:subfield>
						<slim:subfield code="0">(DE-588a)107000482</slim:subfield>
					</slim:datafield>
				</slim:record>
			</recordData>
			<recordPosition>3</recordPosition>
		</record>