
		<record>
			<recordSchema>MARC21-xml</recordSchema>
			<recordPacking>xml</recordPacking>
			<recordData>
				<slim:record xmlns:slim="http://www.loc.gov/MARC21/slim" type="Authority">
					<slim:leader>01191nz a2200337n 4500</slim:leader>
					<slim:controlfield tag="001">102840113</slim:controlfield>
					<slim:controlfield tag="003">DE-101</slim:controlfield>
					<slim:controlfield tag="005">20130624140340.0</slim:controlfield>
					<slim:controlfield tag="008">941229n||aznnnabbn | aaa |c</slim:controlfield>
					<slim:datafield tag="024" ind1="7" ind2=" ">
						<slim:subfield code="a">http://d-nb.info/gnd/102840113</slim:subfield>
						<slim:subfield code="2">uri</slim:subfield>
					</slim:datafield>
					<slim:datafield tag="035" ind1=" " ind2=" ">
						<slim:subfield code="a">(DE-101)102840113</slim:subfield>
					</slim:datafield>
					<slim:datafield tag="035" ind1=" " ind2=" ">
						<slim:subfield code="a">(DE-588)102840113</slim:subfield>
					</slim:datafield>
					<slim:datafield tag="035" ind1=" " ind2=" ">
						<slim:subfield code="z">(DE-588a)102840113</slim:subfield>
						<slim:subfield code="9">v:zg</slim:subfield>
					</slim:datafield>
					<slim:datafield tag="040" ind1=" " ind2=" ">
						<slim:subfield code="a">DE-12</slim:subfield>
						<slim:subfield code="9">r:DE-12</slim:subfield>
						<slim:subfield code="b">ger</slim:subfield>
						<slim:subfield code="d">7777</slim:subfield>
						<slim:subfield code="e">rakwb</slim:subfield>
						<slim:subfield code="f">rswk</slim:subfield>
					</slim:datafield>
					<slim:datafield tag="079" ind1=" " ind2=" ">
						<slim:subfield code="a">g</slim:subfield>
						<slim:subfield code="b">p</slim:subfield>
						<slim:subfield code="c">1</slim:subfield>
						<slim:subfield code="q">f</slim:subfield>
						<slim:subfield code="q">n</slim:subfield>
						<slim:subfield code="v">piz</slim:subfield>
					</slim:datafield>
					<slim:datafield tag="100" ind1="1" ind2=" ">
						<slim:subfield code="a">Meyer, Bertold</slim:subfield>
						<slim:subfield code="d">ca. um 1450</slim:subfield>
					</slim:datafield>
					<slim:datafield tag="400" ind1="1" ind2=" ">
						<slim:subfield code="a">Meier, Bertold</slim:subfield>
						<slim:subfield code="d">ca. um 1450</slim:subfield>
					</slim:datafield>
					<slim:datafield tag="400" ind1="1" ind2=" ">
						<slim:subfield code="a">Meyer, Barthold</slim:subfield>
						<slim:subfield code="d">ca. um 1450</slim:subfield>
					</slim:datafield>
					<slim:datafield tag="400" ind1="1" ind2=" ">
						<slim:subfield code="a">Meyer, Bartholdus</slim:subfield>
						<slim:subfield code="d">ca. um 1450</slim:subfield>
					</slim:datafield>
					<slim:datafield tag="400" ind1="0" ind2=" ">
						<slim:subfield code="a">Bertold</slim:subfield>
						<slim:subfield code="c">Meyer</slim:subfield>
						<slim:subfield code="d">ca. um 1450</slim:subfield>
					</slim:datafield>
					<slim:datafield tag="400" ind1="0" ind2=" ">
						<slim:subfield code="a">Berthold</slim:subfield>
						<slim:subfield code="c">Meier</slim:subfield>
						<slim:subfield code="d">ca. um 1450</slim:subfield>
					</slim:datafield>
					<slim:datafield tag="400" ind1="1" ind2=" ">
						<slim:subfield code="a">Meier, Berthold</slim:subfield>
						<slim:subfield code="d">ca. um 1450</slim:subfield>
					</slim:datafield>
					<slim:datafield tag="400" ind1="0" ind2=" ">
						<slim:subfield code="a">Bertold</slim:subfield>
						<slim:subfield code="c">Abt von Sankt Aegidien in Braunschweig</slim:subfield>
						<slim:subfield code="d">ca. um 1450</slim:subfield>
					</slim:datafield>
					<slim:datafield tag="400" ind1="0" ind2=" ">
						<slim:subfield code="a">Barthold</slim:subfield>
						<slim:subfield code="c">Meyer</slim:subfield>
						<slim:subfield code="d">ca. um 1450</slim:subfield>
					</slim:datafield>
					<slim:datafield tag="400" ind1="0" ind2=" ">
						<slim:subfield code="a">Bartholdus</slim:subfield>
						<slim:subfield code="c">Meyer</slim:subfield>
						<slim:subfield code="d">ca. um 1450</slim:subfield>
					</slim:datafield>
					<slim:datafield tag="548" ind1=" " ind2=" ">
						<slim:subfield code="a">ca. um 1450</slim:subfield>
						<slim:subfield code="9">4:datl</slim:subfield>
						<slim:subfield code="w">r</slim:subfield>
						<slim:subfield code="i">Lebensdaten</slim:subfield>
					</slim:datafield>
					<slim:datafield tag="667" ind1=" " ind2=" ">
						<slim:subfield code="a">NDSBIO</slim:subfield>
					</slim:datafield>
					<slim:datafield tag="667" ind1=" " ind2=" ">
						<slim:subfield code="a">12-PMA:Suppl.</slim:subfield>
					</slim:datafield>
					<slim:datafield tag="670" ind1=" " ind2=" ">
						<slim:subfield code="a">VL(2),6,473/476; Rep.Font. VII,586</slim:subfield>
					</slim:datafield>
					<slim:datafield tag="678" ind1=" " ind2=" ">
						<slim:subfield code="b">OSB; "Vita und Translatio des Hl. St. Autor" mit eigenen Teilen in niederdt.</slim:subfield>
					</slim:datafield>
					<slim:datafield tag="913" ind1=" " ind2=" ">
						<slim:subfield code="S">pnd</slim:subfield>
						<slim:subfield code="i">a</slim:subfield>
						<slim:subfield code="a">Meyer, Bertold</slim:subfield>
						<slim:subfield code="0">(DE-588a)102840113</slim:subfield>
					</slim:datafield>
				</slim:record>
			</recordData>
			<recordPosition>5</recordPosition>
		</record>
	</records>
	<nextRecordPosition>6</nextRecordPosition>
	<echoedSearchRetrieveRequest>
		<version>1.1</version>
		<query>PER="Meier,Berthold"</query>
		<xQuery xmlns:xsi="http://www.w3.org/2001/XMLSchema-instance" xsi:nil="true" />
		<recordSchema>MARC21-xml</recordSchema>
	</echoedSearchRetrieveRequest>
	<extraResponseData>
		<accountOf xmlns="">intranda GmbH</accountOf>
	</extraResponseData>
</searchRetrieveResponse>